%YAML 1.1
%TAG !u! tag:unity3d.com,2011:
--- !u!29 &1
OcclusionCullingSettings:
  m_ObjectHideFlags: 0
  serializedVersion: 2
  m_OcclusionBakeSettings:
    smallestOccluder: 5
    smallestHole: 0.25
    backfaceThreshold: 100
  m_SceneGUID: 00000000000000000000000000000000
  m_OcclusionCullingData: {fileID: 0}
--- !u!104 &2
RenderSettings:
  m_ObjectHideFlags: 0
  serializedVersion: 8
  m_Fog: 0
  m_FogColor: {r: 0.5, g: 0.5, b: 0.5, a: 1}
  m_FogMode: 3
  m_FogDensity: 0.01
  m_LinearFogStart: 0
  m_LinearFogEnd: 300
  m_AmbientSkyColor: {r: 0.212, g: 0.227, b: 0.259, a: 1}
  m_AmbientEquatorColor: {r: 0.114, g: 0.125, b: 0.133, a: 1}
  m_AmbientGroundColor: {r: 0.047, g: 0.043, b: 0.035, a: 1}
  m_AmbientIntensity: 1
  m_AmbientMode: 0
  m_SubtractiveShadowColor: {r: 0.42, g: 0.478, b: 0.627, a: 1}
  m_SkyboxMaterial: {fileID: 10304, guid: 0000000000000000f000000000000000, type: 0}
  m_HaloStrength: 0.5
  m_FlareStrength: 1
  m_FlareFadeSpeed: 3
  m_HaloTexture: {fileID: 0}
  m_SpotCookie: {fileID: 10001, guid: 0000000000000000e000000000000000, type: 0}
  m_DefaultReflectionMode: 0
  m_DefaultReflectionResolution: 128
  m_ReflectionBounces: 1
  m_ReflectionIntensity: 1
  m_CustomReflection: {fileID: 0}
  m_Sun: {fileID: 0}
  m_IndirectSpecularColor: {r: 0.44657898, g: 0.4964133, b: 0.5748178, a: 1}
--- !u!157 &3
LightmapSettings:
  m_ObjectHideFlags: 0
  serializedVersion: 11
  m_GIWorkflowMode: 0
  m_GISettings:
    serializedVersion: 2
    m_BounceScale: 1
    m_IndirectOutputScale: 1
    m_AlbedoBoost: 1
    m_TemporalCoherenceThreshold: 1
    m_EnvironmentLightingMode: 0
    m_EnableBakedLightmaps: 1
    m_EnableRealtimeLightmaps: 1
  m_LightmapEditorSettings:
    serializedVersion: 9
    m_Resolution: 2
    m_BakeResolution: 40
    m_TextureWidth: 1024
    m_TextureHeight: 1024
    m_AO: 0
    m_AOMaxDistance: 1
    m_CompAOExponent: 1
    m_CompAOExponentDirect: 0
    m_Padding: 2
    m_LightmapParameters: {fileID: 0}
    m_LightmapsBakeMode: 1
    m_TextureCompression: 1
    m_FinalGather: 0
    m_FinalGatherFiltering: 1
    m_FinalGatherRayCount: 256
    m_ReflectionCompression: 2
    m_MixedBakeMode: 2
    m_BakeBackend: 0
    m_PVRSampling: 1
    m_PVRDirectSampleCount: 32
    m_PVRSampleCount: 500
    m_PVRBounces: 2
    m_PVRFiltering: 0
    m_PVRFilteringMode: 1
    m_PVRCulling: 1
    m_PVRFilteringGaussRadiusDirect: 1
    m_PVRFilteringGaussRadiusIndirect: 5
    m_PVRFilteringGaussRadiusAO: 2
    m_PVRFilteringAtrousColorSigma: 1
    m_PVRFilteringAtrousNormalSigma: 1
    m_PVRFilteringAtrousPositionSigma: 1
  m_LightingDataAsset: {fileID: 0}
  m_UseShadowmask: 1
--- !u!196 &4
NavMeshSettings:
  serializedVersion: 2
  m_ObjectHideFlags: 0
  m_BuildSettings:
    serializedVersion: 2
    agentTypeID: 0
    agentRadius: 0.5
    agentHeight: 2
    agentSlope: 45
    agentClimb: 0.4
    ledgeDropHeight: 0
    maxJumpAcrossDistance: 0
    minRegionArea: 2
    manualCellSize: 0
    cellSize: 0.16666667
    manualTileSize: 0
    tileSize: 256
    accuratePlacement: 0
  m_NavMeshData: {fileID: 0}
--- !u!1 &384271316
GameObject:
  m_ObjectHideFlags: 0
  m_PrefabParentObject: {fileID: 0}
  m_PrefabInternal: {fileID: 0}
  serializedVersion: 5
  m_Component:
  - component: {fileID: 384271320}
  - component: {fileID: 384271319}
  - component: {fileID: 384271318}
  - component: {fileID: 384271317}
  m_Layer: 0
  m_Name: Cube
  m_TagString: Untagged
  m_Icon: {fileID: 0}
  m_NavMeshLayer: 0
  m_StaticEditorFlags: 0
  m_IsActive: 1
--- !u!23 &384271317
MeshRenderer:
  m_ObjectHideFlags: 0
  m_PrefabParentObject: {fileID: 0}
  m_PrefabInternal: {fileID: 0}
  m_GameObject: {fileID: 384271316}
  m_Enabled: 1
  m_CastShadows: 1
  m_ReceiveShadows: 1
  m_MotionVectors: 1
  m_LightProbeUsage: 1
  m_ReflectionProbeUsage: 1
  m_Materials:
  - {fileID: 10303, guid: 0000000000000000f000000000000000, type: 0}
  m_StaticBatchInfo:
    firstSubMesh: 0
    subMeshCount: 0
  m_StaticBatchRoot: {fileID: 0}
  m_ProbeAnchor: {fileID: 0}
  m_LightProbeVolumeOverride: {fileID: 0}
  m_ScaleInLightmap: 1
  m_PreserveUVs: 1
  m_IgnoreNormalsForChartDetection: 0
  m_ImportantGI: 0
  m_SelectedEditorRenderState: 3
  m_MinimumChartSize: 4
  m_AutoUVMaxDistance: 0.5
  m_AutoUVMaxAngle: 89
  m_LightmapParameters: {fileID: 0}
  m_SortingLayerID: 0
  m_SortingLayer: 0
  m_SortingOrder: 0
--- !u!65 &384271318
BoxCollider:
  m_ObjectHideFlags: 0
  m_PrefabParentObject: {fileID: 0}
  m_PrefabInternal: {fileID: 0}
  m_GameObject: {fileID: 384271316}
  m_Material: {fileID: 0}
  m_IsTrigger: 0
  m_Enabled: 1
  serializedVersion: 2
  m_Size: {x: 1, y: 1, z: 1}
  m_Center: {x: 0, y: 0, z: 0}
--- !u!33 &384271319
MeshFilter:
  m_ObjectHideFlags: 0
  m_PrefabParentObject: {fileID: 0}
  m_PrefabInternal: {fileID: 0}
  m_GameObject: {fileID: 384271316}
  m_Mesh: {fileID: 10202, guid: 0000000000000000e000000000000000, type: 0}
--- !u!4 &384271320
Transform:
  m_ObjectHideFlags: 0
  m_PrefabParentObject: {fileID: 0}
  m_PrefabInternal: {fileID: 0}
  m_GameObject: {fileID: 384271316}
  m_LocalRotation: {x: 0, y: 0, z: 0, w: 1}
  m_LocalPosition: {x: -0.3336916, y: 3.5817595, z: -2.1735477}
  m_LocalScale: {x: 27.4783, y: 0.8936045, z: 27.478323}
  m_Children: []
  m_Father: {fileID: 0}
  m_RootOrder: 3
  m_LocalEulerAnglesHint: {x: 0, y: 0, z: 0}
--- !u!1001 &566996523
Prefab:
  m_ObjectHideFlags: 0
  serializedVersion: 2
  m_Modification:
    m_TransformParent: {fileID: 0}
    m_Modifications:
    - target: {fileID: 400000, guid: b4ca93ec11dd8ae48a8f8d0d6f5c773c, type: 3}
      propertyPath: m_LocalPosition.x
      value: -2.56
      objectReference: {fileID: 0}
    - target: {fileID: 400000, guid: b4ca93ec11dd8ae48a8f8d0d6f5c773c, type: 3}
      propertyPath: m_LocalPosition.y
      value: 8.92
      objectReference: {fileID: 0}
    - target: {fileID: 400000, guid: b4ca93ec11dd8ae48a8f8d0d6f5c773c, type: 3}
      propertyPath: m_LocalPosition.z
      value: -3.98
      objectReference: {fileID: 0}
    - target: {fileID: 400000, guid: b4ca93ec11dd8ae48a8f8d0d6f5c773c, type: 3}
      propertyPath: m_LocalRotation.x
      value: -0.63637936
      objectReference: {fileID: 0}
    - target: {fileID: 400000, guid: b4ca93ec11dd8ae48a8f8d0d6f5c773c, type: 3}
      propertyPath: m_LocalRotation.y
      value: -0.009633037
      objectReference: {fileID: 0}
    - target: {fileID: 400000, guid: b4ca93ec11dd8ae48a8f8d0d6f5c773c, type: 3}
      propertyPath: m_LocalRotation.z
      value: 0.4692695
      objectReference: {fileID: 0}
    - target: {fileID: 400000, guid: b4ca93ec11dd8ae48a8f8d0d6f5c773c, type: 3}
      propertyPath: m_LocalRotation.w
      value: 0.61213946
      objectReference: {fileID: 0}
    - target: {fileID: 400000, guid: b4ca93ec11dd8ae48a8f8d0d6f5c773c, type: 3}
      propertyPath: m_RootOrder
      value: 4
      objectReference: {fileID: 0}
    - target: {fileID: 100000, guid: b4ca93ec11dd8ae48a8f8d0d6f5c773c, type: 3}
      propertyPath: m_Name
      value: marble_01 2
      objectReference: {fileID: 0}
    - target: {fileID: 2300000, guid: b4ca93ec11dd8ae48a8f8d0d6f5c773c, type: 3}
      propertyPath: m_Materials.Array.data[0]
      value: 
      objectReference: {fileID: 2100000, guid: 1150e96f244c79d4b87c00ad2cf8a4a6, type: 2}
    - target: {fileID: 400000, guid: b4ca93ec11dd8ae48a8f8d0d6f5c773c, type: 3}
      propertyPath: m_LocalScale.x
      value: 188.78682
      objectReference: {fileID: 0}
    - target: {fileID: 400000, guid: b4ca93ec11dd8ae48a8f8d0d6f5c773c, type: 3}
      propertyPath: m_LocalScale.y
      value: 188.78682
      objectReference: {fileID: 0}
    - target: {fileID: 400000, guid: b4ca93ec11dd8ae48a8f8d0d6f5c773c, type: 3}
      propertyPath: m_LocalScale.z
      value: 188.78682
      objectReference: {fileID: 0}
    - target: {fileID: 400000, guid: b4ca93ec11dd8ae48a8f8d0d6f5c773c, type: 3}
      propertyPath: m_LocalEulerAnglesHint.x
      value: -50.36
      objectReference: {fileID: 0}
    - target: {fileID: 400000, guid: b4ca93ec11dd8ae48a8f8d0d6f5c773c, type: 3}
      propertyPath: m_LocalEulerAnglesHint.y
      value: -72.687004
      objectReference: {fileID: 0}
    - target: {fileID: 400000, guid: b4ca93ec11dd8ae48a8f8d0d6f5c773c, type: 3}
      propertyPath: m_LocalEulerAnglesHint.z
      value: 113.10901
      objectReference: {fileID: 0}
    m_RemovedComponents: []
  m_ParentPrefab: {fileID: 100100000, guid: b4ca93ec11dd8ae48a8f8d0d6f5c773c, type: 3}
  m_IsPrefabParent: 0
--- !u!1001 &624543405
Prefab:
  m_ObjectHideFlags: 0
  serializedVersion: 2
  m_Modification:
    m_TransformParent: {fileID: 0}
    m_Modifications:
    - target: {fileID: 400000, guid: b4ca93ec11dd8ae48a8f8d0d6f5c773c, type: 3}
      propertyPath: m_LocalPosition.x
      value: 4.62
      objectReference: {fileID: 0}
    - target: {fileID: 400000, guid: b4ca93ec11dd8ae48a8f8d0d6f5c773c, type: 3}
      propertyPath: m_LocalPosition.y
      value: 8.83
      objectReference: {fileID: 0}
    - target: {fileID: 400000, guid: b4ca93ec11dd8ae48a8f8d0d6f5c773c, type: 3}
      propertyPath: m_LocalPosition.z
      value: -6.84
      objectReference: {fileID: 0}
    - target: {fileID: 400000, guid: b4ca93ec11dd8ae48a8f8d0d6f5c773c, type: 3}
      propertyPath: m_LocalRotation.x
      value: -0.52181965
      objectReference: {fileID: 0}
    - target: {fileID: 400000, guid: b4ca93ec11dd8ae48a8f8d0d6f5c773c, type: 3}
      propertyPath: m_LocalRotation.y
      value: 0.6832766
      objectReference: {fileID: 0}
    - target: {fileID: 400000, guid: b4ca93ec11dd8ae48a8f8d0d6f5c773c, type: 3}
      propertyPath: m_LocalRotation.z
      value: -0.043648787
      objectReference: {fileID: 0}
    - target: {fileID: 400000, guid: b4ca93ec11dd8ae48a8f8d0d6f5c773c, type: 3}
      propertyPath: m_LocalRotation.w
      value: -0.50885385
      objectReference: {fileID: 0}
    - target: {fileID: 400000, guid: b4ca93ec11dd8ae48a8f8d0d6f5c773c, type: 3}
      propertyPath: m_RootOrder
      value: 8
      objectReference: {fileID: 0}
    - target: {fileID: 400000, guid: b4ca93ec11dd8ae48a8f8d0d6f5c773c, type: 3}
      propertyPath: m_LocalScale.x
      value: 188.78682
      objectReference: {fileID: 0}
    - target: {fileID: 400000, guid: b4ca93ec11dd8ae48a8f8d0d6f5c773c, type: 3}
      propertyPath: m_LocalScale.y
      value: 188.78682
      objectReference: {fileID: 0}
    - target: {fileID: 400000, guid: b4ca93ec11dd8ae48a8f8d0d6f5c773c, type: 3}
      propertyPath: m_LocalScale.z
      value: 188.78682
      objectReference: {fileID: 0}
    - target: {fileID: 100000, guid: b4ca93ec11dd8ae48a8f8d0d6f5c773c, type: 3}
      propertyPath: m_Name
      value: marble_01 (2)
      objectReference: {fileID: 0}
    - target: {fileID: 2300000, guid: b4ca93ec11dd8ae48a8f8d0d6f5c773c, type: 3}
      propertyPath: m_Materials.Array.data[0]
      value: 
      objectReference: {fileID: 2100000, guid: d5f03f602cd48514bb515757627846ce, type: 2}
    - target: {fileID: 400000, guid: b4ca93ec11dd8ae48a8f8d0d6f5c773c, type: 3}
      propertyPath: m_LocalEulerAnglesHint.x
      value: -216.207
      objectReference: {fileID: 0}
    - target: {fileID: 400000, guid: b4ca93ec11dd8ae48a8f8d0d6f5c773c, type: 3}
      propertyPath: m_LocalEulerAnglesHint.y
      value: -666.356
      objectReference: {fileID: 0}
    - target: {fileID: 400000, guid: b4ca93ec11dd8ae48a8f8d0d6f5c773c, type: 3}
      propertyPath: m_LocalEulerAnglesHint.z
      value: 124.034
      objectReference: {fileID: 0}
    m_RemovedComponents: []
  m_ParentPrefab: {fileID: 100100000, guid: b4ca93ec11dd8ae48a8f8d0d6f5c773c, type: 3}
  m_IsPrefabParent: 0
--- !u!1 &1080503296
GameObject:
  m_ObjectHideFlags: 0
  m_PrefabParentObject: {fileID: 0}
  m_PrefabInternal: {fileID: 0}
  serializedVersion: 5
  m_Component:
  - component: {fileID: 1080503301}
  - component: {fileID: 1080503300}
  - component: {fileID: 1080503299}
  - component: {fileID: 1080503298}
  - component: {fileID: 1080503297}
  m_Layer: 0
  m_Name: Main Camera
  m_TagString: MainCamera
  m_Icon: {fileID: 0}
  m_NavMeshLayer: 0
  m_StaticEditorFlags: 0
  m_IsActive: 0
--- !u!81 &1080503297
AudioListener:
  m_ObjectHideFlags: 0
  m_PrefabParentObject: {fileID: 0}
  m_PrefabInternal: {fileID: 0}
  m_GameObject: {fileID: 1080503296}
  m_Enabled: 1
--- !u!124 &1080503298
Behaviour:
  m_ObjectHideFlags: 0
  m_PrefabParentObject: {fileID: 0}
  m_PrefabInternal: {fileID: 0}
  m_GameObject: {fileID: 1080503296}
  m_Enabled: 1
--- !u!92 &1080503299
Behaviour:
  m_ObjectHideFlags: 0
  m_PrefabParentObject: {fileID: 0}
  m_PrefabInternal: {fileID: 0}
  m_GameObject: {fileID: 1080503296}
  m_Enabled: 1
--- !u!20 &1080503300
Camera:
  m_ObjectHideFlags: 0
  m_PrefabParentObject: {fileID: 0}
  m_PrefabInternal: {fileID: 0}
  m_GameObject: {fileID: 1080503296}
  m_Enabled: 1
  serializedVersion: 2
  m_ClearFlags: 1
  m_BackGroundColor: {r: 0.19215687, g: 0.3019608, b: 0.4745098, a: 0}
  m_NormalizedViewPortRect:
    serializedVersion: 2
    x: 0
    y: 0
    width: 1
    height: 1
  near clip plane: 0.3
  far clip plane: 1000
  field of view: 60
  orthographic: 0
  orthographic size: 5
  m_Depth: -1
  m_CullingMask:
    serializedVersion: 2
    m_Bits: 4294967295
  m_RenderingPath: -1
  m_TargetTexture: {fileID: 0}
  m_TargetDisplay: 0
  m_TargetEye: 3
  m_HDR: 1
  m_AllowMSAA: 1
  m_ForceIntoRT: 0
  m_OcclusionCulling: 1
  m_StereoConvergence: 10
  m_StereoSeparation: 0.022
  m_StereoMirrorMode: 0
--- !u!4 &1080503301
Transform:
  m_ObjectHideFlags: 0
  m_PrefabParentObject: {fileID: 0}
  m_PrefabInternal: {fileID: 0}
  m_GameObject: {fileID: 1080503296}
  m_LocalRotation: {x: 0.33987227, y: -0.16460103, z: 0.0037044904, w: 0.925948}
  m_LocalPosition: {x: 6.38, y: 12.74, z: -10}
  m_LocalScale: {x: 1, y: 1, z: 1}
  m_Children: []
  m_Father: {fileID: 0}
  m_RootOrder: 0
  m_LocalEulerAnglesHint: {x: 39.096, y: -22.925001, z: -7.7780004}
--- !u!1 &1086524235
GameObject:
  m_ObjectHideFlags: 0
  m_PrefabParentObject: {fileID: 0}
  m_PrefabInternal: {fileID: 0}
  serializedVersion: 5
  m_Component:
  - component: {fileID: 1086524237}
  - component: {fileID: 1086524236}
  m_Layer: 0
  m_Name: Point light
  m_TagString: Untagged
  m_Icon: {fileID: 0}
  m_NavMeshLayer: 0
  m_StaticEditorFlags: 0
  m_IsActive: 1
--- !u!108 &1086524236
Light:
  m_ObjectHideFlags: 0
  m_PrefabParentObject: {fileID: 0}
  m_PrefabInternal: {fileID: 0}
  m_GameObject: {fileID: 1086524235}
  m_Enabled: 1
  serializedVersion: 8
  m_Type: 2
  m_Color: {r: 1, g: 1, b: 1, a: 1}
  m_Intensity: 1
  m_Range: 50
  m_SpotAngle: 30
  m_CookieSize: 10
  m_Shadows:
    m_Type: 1
    m_Resolution: -1
    m_CustomResolution: -1
    m_Strength: 1
    m_Bias: 0.05
    m_NormalBias: 0.4
    m_NearPlane: 0.2
  m_Cookie: {fileID: 0}
  m_DrawHalo: 0
  m_Flare: {fileID: 0}
  m_RenderMode: 0
  m_CullingMask:
    serializedVersion: 2
    m_Bits: 4294967295
  m_Lightmapping: 4
  m_AreaSize: {x: 1, y: 1}
  m_BounceIntensity: 1
  m_FalloffTable:
    m_Table[0]: 0
    m_Table[1]: 0
    m_Table[2]: 0
    m_Table[3]: 0
    m_Table[4]: 0
    m_Table[5]: 0
    m_Table[6]: 0
    m_Table[7]: 0
    m_Table[8]: 0
    m_Table[9]: 0
    m_Table[10]: 0
    m_Table[11]: 0
    m_Table[12]: 0
  m_ColorTemperature: 6570
  m_UseColorTemperature: 0
  m_ShadowRadius: 0
  m_ShadowAngle: 0
--- !u!4 &1086524237
Transform:
  m_ObjectHideFlags: 0
  m_PrefabParentObject: {fileID: 0}
  m_PrefabInternal: {fileID: 0}
  m_GameObject: {fileID: 1086524235}
  m_LocalRotation: {x: 0, y: 0, z: 0, w: 1}
  m_LocalPosition: {x: 0.31, y: 10.17, z: -17.69}
  m_LocalScale: {x: 1, y: 1, z: 1}
  m_Children: []
  m_Father: {fileID: 0}
  m_RootOrder: 6
  m_LocalEulerAnglesHint: {x: 0, y: 0, z: 0}
--- !u!1001 &1252792337
Prefab:
  m_ObjectHideFlags: 0
  serializedVersion: 2
  m_Modification:
    m_TransformParent: {fileID: 0}
    m_Modifications:
    - target: {fileID: 400000, guid: b4ca93ec11dd8ae48a8f8d0d6f5c773c, type: 3}
      propertyPath: m_LocalPosition.x
      value: -3.21
      objectReference: {fileID: 0}
    - target: {fileID: 400000, guid: b4ca93ec11dd8ae48a8f8d0d6f5c773c, type: 3}
      propertyPath: m_LocalPosition.y
      value: 8.13
      objectReference: {fileID: 0}
    - target: {fileID: 400000, guid: b4ca93ec11dd8ae48a8f8d0d6f5c773c, type: 3}
      propertyPath: m_LocalPosition.z
      value: -10.03
      objectReference: {fileID: 0}
    - target: {fileID: 400000, guid: b4ca93ec11dd8ae48a8f8d0d6f5c773c, type: 3}
      propertyPath: m_LocalRotation.x
      value: -0.7071068
      objectReference: {fileID: 0}
    - target: {fileID: 400000, guid: b4ca93ec11dd8ae48a8f8d0d6f5c773c, type: 3}
      propertyPath: m_LocalRotation.y
      value: 0
      objectReference: {fileID: 0}
    - target: {fileID: 400000, guid: b4ca93ec11dd8ae48a8f8d0d6f5c773c, type: 3}
      propertyPath: m_LocalRotation.z
      value: -0
      objectReference: {fileID: 0}
    - target: {fileID: 400000, guid: b4ca93ec11dd8ae48a8f8d0d6f5c773c, type: 3}
      propertyPath: m_LocalRotation.w
      value: 0.7071067
      objectReference: {fileID: 0}
    - target: {fileID: 400000, guid: b4ca93ec11dd8ae48a8f8d0d6f5c773c, type: 3}
      propertyPath: m_RootOrder
      value: 1
      objectReference: {fileID: 0}
    - target: {fileID: 400000, guid: b4ca93ec11dd8ae48a8f8d0d6f5c773c, type: 3}
      propertyPath: m_LocalScale.x
      value: 188.78682
      objectReference: {fileID: 0}
    - target: {fileID: 400000, guid: b4ca93ec11dd8ae48a8f8d0d6f5c773c, type: 3}
      propertyPath: m_LocalScale.y
      value: 188.78682
      objectReference: {fileID: 0}
    - target: {fileID: 400000, guid: b4ca93ec11dd8ae48a8f8d0d6f5c773c, type: 3}
      propertyPath: m_LocalScale.z
      value: 188.78682
      objectReference: {fileID: 0}
    m_RemovedComponents: []
  m_ParentPrefab: {fileID: 100100000, guid: b4ca93ec11dd8ae48a8f8d0d6f5c773c, type: 3}
  m_IsPrefabParent: 0
--- !u!1001 &1744263314
Prefab:
  m_ObjectHideFlags: 0
  serializedVersion: 2
  m_Modification:
    m_TransformParent: {fileID: 0}
    m_Modifications:
    - target: {fileID: 400000, guid: b4ca93ec11dd8ae48a8f8d0d6f5c773c, type: 3}
      propertyPath: m_LocalPosition.x
      value: -4.89
      objectReference: {fileID: 0}
    - target: {fileID: 400000, guid: b4ca93ec11dd8ae48a8f8d0d6f5c773c, type: 3}
      propertyPath: m_LocalPosition.y
      value: 5.65
      objectReference: {fileID: 0}
    - target: {fileID: 400000, guid: b4ca93ec11dd8ae48a8f8d0d6f5c773c, type: 3}
      propertyPath: m_LocalPosition.z
      value: -10.58
      objectReference: {fileID: 0}
    - target: {fileID: 400000, guid: b4ca93ec11dd8ae48a8f8d0d6f5c773c, type: 3}
      propertyPath: m_LocalRotation.x
      value: -0.7071068
      objectReference: {fileID: 0}
    - target: {fileID: 400000, guid: b4ca93ec11dd8ae48a8f8d0d6f5c773c, type: 3}
      propertyPath: m_LocalRotation.y
      value: 0
      objectReference: {fileID: 0}
    - target: {fileID: 400000, guid: b4ca93ec11dd8ae48a8f8d0d6f5c773c, type: 3}
      propertyPath: m_LocalRotation.z
      value: -0
      objectReference: {fileID: 0}
    - target: {fileID: 400000, guid: b4ca93ec11dd8ae48a8f8d0d6f5c773c, type: 3}
      propertyPath: m_LocalRotation.w
      value: 0.7071067
      objectReference: {fileID: 0}
    - target: {fileID: 400000, guid: b4ca93ec11dd8ae48a8f8d0d6f5c773c, type: 3}
      propertyPath: m_RootOrder
      value: 9
      objectReference: {fileID: 0}
    - target: {fileID: 400000, guid: b4ca93ec11dd8ae48a8f8d0d6f5c773c, type: 3}
      propertyPath: m_LocalScale.x
      value: 188.78682
      objectReference: {fileID: 0}
    - target: {fileID: 400000, guid: b4ca93ec11dd8ae48a8f8d0d6f5c773c, type: 3}
      propertyPath: m_LocalScale.y
      value: 188.78682
      objectReference: {fileID: 0}
    - target: {fileID: 400000, guid: b4ca93ec11dd8ae48a8f8d0d6f5c773c, type: 3}
      propertyPath: m_LocalScale.z
      value: 188.78682
      objectReference: {fileID: 0}
    - target: {fileID: 100000, guid: b4ca93ec11dd8ae48a8f8d0d6f5c773c, type: 3}
      propertyPath: m_Name
      value: marble_01 (3)
      objectReference: {fileID: 0}
    - target: {fileID: 2300000, guid: b4ca93ec11dd8ae48a8f8d0d6f5c773c, type: 3}
      propertyPath: m_Materials.Array.data[0]
      value: 
      objectReference: {fileID: 2100000, guid: d391229dac651a34cbc37f837a221eca, type: 2}
    m_RemovedComponents: []
  m_ParentPrefab: {fileID: 100100000, guid: b4ca93ec11dd8ae48a8f8d0d6f5c773c, type: 3}
  m_IsPrefabParent: 0
--- !u!1 &1788988885
GameObject:
  m_ObjectHideFlags: 0
  m_PrefabParentObject: {fileID: 0}
  m_PrefabInternal: {fileID: 0}
  serializedVersion: 5
  m_Component:
  - component: {fileID: 1788988887}
  - component: {fileID: 1788988886}
  m_Layer: 0
  m_Name: Directional Light
  m_TagString: Untagged
  m_Icon: {fileID: 0}
  m_NavMeshLayer: 0
  m_StaticEditorFlags: 0
  m_IsActive: 1
--- !u!108 &1788988886
Light:
  m_ObjectHideFlags: 0
  m_PrefabParentObject: {fileID: 0}
  m_PrefabInternal: {fileID: 0}
  m_GameObject: {fileID: 1788988885}
  m_Enabled: 1
  serializedVersion: 8
  m_Type: 1
  m_Color: {r: 1, g: 0.95686275, b: 0.8392157, a: 1}
  m_Intensity: 1
  m_Range: 10
  m_SpotAngle: 30
  m_CookieSize: 10
  m_Shadows:
    m_Type: 2
    m_Resolution: -1
    m_CustomResolution: -1
    m_Strength: 1
    m_Bias: 0.05
    m_NormalBias: 0.4
    m_NearPlane: 0.2
  m_Cookie: {fileID: 0}
  m_DrawHalo: 0
  m_Flare: {fileID: 0}
  m_RenderMode: 0
  m_CullingMask:
    serializedVersion: 2
    m_Bits: 4294967295
  m_Lightmapping: 4
  m_AreaSize: {x: 1, y: 1}
  m_BounceIntensity: 1
  m_FalloffTable:
    m_Table[0]: 0
    m_Table[1]: 0
    m_Table[2]: 0
    m_Table[3]: 0
    m_Table[4]: 0
    m_Table[5]: 0
    m_Table[6]: 0
    m_Table[7]: 0
    m_Table[8]: 0
    m_Table[9]: 0
    m_Table[10]: 0
    m_Table[11]: 0
    m_Table[12]: 0
  m_ColorTemperature: 6570
  m_UseColorTemperature: 0
  m_ShadowRadius: 0
  m_ShadowAngle: 0
--- !u!4 &1788988887
Transform:
  m_ObjectHideFlags: 0
  m_PrefabParentObject: {fileID: 0}
  m_PrefabInternal: {fileID: 0}
  m_GameObject: {fileID: 1788988885}
  m_LocalRotation: {x: 0.40821788, y: -0.23456968, z: 0.10938163, w: 0.8754261}
  m_LocalPosition: {x: 0, y: 3, z: 0}
  m_LocalScale: {x: 1, y: 1, z: 1}
  m_Children: []
  m_Father: {fileID: 0}
  m_RootOrder: 2
  m_LocalEulerAnglesHint: {x: 50, y: -30, z: 0}
--- !u!1001 &2032037728
Prefab:
  m_ObjectHideFlags: 0
  serializedVersion: 2
  m_Modification:
    m_TransformParent: {fileID: 0}
    m_Modifications:
    - target: {fileID: 400000, guid: b4ca93ec11dd8ae48a8f8d0d6f5c773c, type: 3}
      propertyPath: m_LocalPosition.x
      value: -4.19
      objectReference: {fileID: 0}
    - target: {fileID: 400000, guid: b4ca93ec11dd8ae48a8f8d0d6f5c773c, type: 3}
      propertyPath: m_LocalPosition.y
      value: 7.36
      objectReference: {fileID: 0}
    - target: {fileID: 400000, guid: b4ca93ec11dd8ae48a8f8d0d6f5c773c, type: 3}
      propertyPath: m_LocalPosition.z
      value: -13.48
      objectReference: {fileID: 0}
    - target: {fileID: 400000, guid: b4ca93ec11dd8ae48a8f8d0d6f5c773c, type: 3}
      propertyPath: m_LocalRotation.x
      value: 0.35192218
      objectReference: {fileID: 0}
    - target: {fileID: 400000, guid: b4ca93ec11dd8ae48a8f8d0d6f5c773c, type: 3}
      propertyPath: m_LocalRotation.y
      value: -0.9162939
      objectReference: {fileID: 0}
    - target: {fileID: 400000, guid: b4ca93ec11dd8ae48a8f8d0d6f5c773c, type: 3}
      propertyPath: m_LocalRotation.z
      value: 0.187751
      objectReference: {fileID: 0}
    - target: {fileID: 400000, guid: b4ca93ec11dd8ae48a8f8d0d6f5c773c, type: 3}
      propertyPath: m_LocalRotation.w
      value: -0.036136206
      objectReference: {fileID: 0}
    - target: {fileID: 400000, guid: b4ca93ec11dd8ae48a8f8d0d6f5c773c, type: 3}
      propertyPath: m_RootOrder
      value: 7
      objectReference: {fileID: 0}
    - target: {fileID: 400000, guid: b4ca93ec11dd8ae48a8f8d0d6f5c773c, type: 3}
      propertyPath: m_LocalScale.x
      value: 188.78682
      objectReference: {fileID: 0}
    - target: {fileID: 400000, guid: b4ca93ec11dd8ae48a8f8d0d6f5c773c, type: 3}
      propertyPath: m_LocalScale.y
      value: 188.78682
      objectReference: {fileID: 0}
    - target: {fileID: 400000, guid: b4ca93ec11dd8ae48a8f8d0d6f5c773c, type: 3}
      propertyPath: m_LocalScale.z
      value: 188.78682
      objectReference: {fileID: 0}
    - target: {fileID: 100000, guid: b4ca93ec11dd8ae48a8f8d0d6f5c773c, type: 3}
      propertyPath: m_Name
      value: marble_01 (1)
      objectReference: {fileID: 0}
    - target: {fileID: 2300000, guid: b4ca93ec11dd8ae48a8f8d0d6f5c773c, type: 3}
      propertyPath: m_Materials.Array.data[0]
      value: 
      objectReference: {fileID: 2100000, guid: 5259c30629056bc45884432da53ed627, type: 2}
    - target: {fileID: 400000, guid: b4ca93ec11dd8ae48a8f8d0d6f5c773c, type: 3}
      propertyPath: m_LocalEulerAnglesHint.x
      value: -198.58
      objectReference: {fileID: 0}
    - target: {fileID: 400000, guid: b4ca93ec11dd8ae48a8f8d0d6f5c773c, type: 3}
      propertyPath: m_LocalEulerAnglesHint.y
      value: -372.08
      objectReference: {fileID: 0}
    - target: {fileID: 400000, guid: b4ca93ec11dd8ae48a8f8d0d6f5c773c, type: 3}
      propertyPath: m_LocalEulerAnglesHint.z
      value: 135.996
      objectReference: {fileID: 0}
    m_RemovedComponents: []
  m_ParentPrefab: {fileID: 100100000, guid: b4ca93ec11dd8ae48a8f8d0d6f5c773c, type: 3}
  m_IsPrefabParent: 0
--- !u!1001 &2032112674
Prefab:
  m_ObjectHideFlags: 0
  serializedVersion: 2
  m_Modification:
    m_TransformParent: {fileID: 0}
    m_Modifications:
    - target: {fileID: 400000, guid: b4ca93ec11dd8ae48a8f8d0d6f5c773c, type: 3}
      propertyPath: m_LocalPosition.x
      value: -5.33
      objectReference: {fileID: 0}
    - target: {fileID: 400000, guid: b4ca93ec11dd8ae48a8f8d0d6f5c773c, type: 3}
      propertyPath: m_LocalPosition.y
      value: 6.95
      objectReference: {fileID: 0}
    - target: {fileID: 400000, guid: b4ca93ec11dd8ae48a8f8d0d6f5c773c, type: 3}
      propertyPath: m_LocalPosition.z
      value: -7.37
      objectReference: {fileID: 0}
    - target: {fileID: 400000, guid: b4ca93ec11dd8ae48a8f8d0d6f5c773c, type: 3}
      propertyPath: m_LocalRotation.x
      value: -0.8628348
      objectReference: {fileID: 0}
    - target: {fileID: 400000, guid: b4ca93ec11dd8ae48a8f8d0d6f5c773c, type: 3}
      propertyPath: m_LocalRotation.y
      value: -0.22181398
      objectReference: {fileID: 0}
    - target: {fileID: 400000, guid: b4ca93ec11dd8ae48a8f8d0d6f5c773c, type: 3}
      propertyPath: m_LocalRotation.z
      value: -0.38737538
      objectReference: {fileID: 0}
    - target: {fileID: 400000, guid: b4ca93ec11dd8ae48a8f8d0d6f5c773c, type: 3}
      propertyPath: m_LocalRotation.w
      value: 0.23718129
      objectReference: {fileID: 0}
    - target: {fileID: 400000, guid: b4ca93ec11dd8ae48a8f8d0d6f5c773c, type: 3}
      propertyPath: m_RootOrder
      value: 10
      objectReference: {fileID: 0}
    - target: {fileID: 400000, guid: b4ca93ec11dd8ae48a8f8d0d6f5c773c, type: 3}
      propertyPath: m_LocalScale.x
      value: 188.78682
      objectReference: {fileID: 0}
    - target: {fileID: 400000, guid: b4ca93ec11dd8ae48a8f8d0d6f5c773c, type: 3}
      propertyPath: m_LocalScale.y
      value: 188.78682
      objectReference: {fileID: 0}
    - target: {fileID: 400000, guid: b4ca93ec11dd8ae48a8f8d0d6f5c773c, type: 3}
      propertyPath: m_LocalScale.z
      value: 188.78682
      objectReference: {fileID: 0}
    - target: {fileID: 100000, guid: b4ca93ec11dd8ae48a8f8d0d6f5c773c, type: 3}
      propertyPath: m_Name
      value: marble_01 (4)
      objectReference: {fileID: 0}
    - target: {fileID: 2300000, guid: b4ca93ec11dd8ae48a8f8d0d6f5c773c, type: 3}
      propertyPath: m_Materials.Array.data[0]
      value: 
      objectReference: {fileID: 2100000, guid: 9ae7c6030d1232b4289932a98e9bfda1, type: 2}
    - target: {fileID: 400000, guid: b4ca93ec11dd8ae48a8f8d0d6f5c773c, type: 3}
      propertyPath: m_LocalEulerAnglesHint.x
      value: -144.469
      objectReference: {fileID: 0}
    - target: {fileID: 400000, guid: b4ca93ec11dd8ae48a8f8d0d6f5c773c, type: 3}
      propertyPath: m_LocalEulerAnglesHint.y
      value: -43.799988
      objectReference: {fileID: 0}
    - target: {fileID: 400000, guid: b4ca93ec11dd8ae48a8f8d0d6f5c773c, type: 3}
      propertyPath: m_LocalEulerAnglesHint.z
      value: -14.156006
      objectReference: {fileID: 0}
    m_RemovedComponents: []
  m_ParentPrefab: {fileID: 100100000, guid: b4ca93ec11dd8ae48a8f8d0d6f5c773c, type: 3}
  m_IsPrefabParent: 0
--- !u!1001 &2091207397
Prefab:
  m_ObjectHideFlags: 0
  serializedVersion: 2
  m_Modification:
    m_TransformParent: {fileID: 0}
    m_Modifications:
    - target: {fileID: 400000, guid: b4ca93ec11dd8ae48a8f8d0d6f5c773c, type: 3}
      propertyPath: m_LocalPosition.x
      value: -0.7700001
      objectReference: {fileID: 0}
    - target: {fileID: 400000, guid: b4ca93ec11dd8ae48a8f8d0d6f5c773c, type: 3}
      propertyPath: m_LocalPosition.y
      value: 10.5
      objectReference: {fileID: 0}
    - target: {fileID: 400000, guid: b4ca93ec11dd8ae48a8f8d0d6f5c773c, type: 3}
      propertyPath: m_LocalPosition.z
      value: -8.01
      objectReference: {fileID: 0}
    - target: {fileID: 400000, guid: b4ca93ec11dd8ae48a8f8d0d6f5c773c, type: 3}
      propertyPath: m_LocalRotation.x
      value: -0.8004746
      objectReference: {fileID: 0}
    - target: {fileID: 400000, guid: b4ca93ec11dd8ae48a8f8d0d6f5c773c, type: 3}
      propertyPath: m_LocalRotation.y
      value: -0.28055915
      objectReference: {fileID: 0}
    - target: {fileID: 400000, guid: b4ca93ec11dd8ae48a8f8d0d6f5c773c, type: 3}
      propertyPath: m_LocalRotation.z
      value: 0.051179394
      objectReference: {fileID: 0}
    - target: {fileID: 400000, guid: b4ca93ec11dd8ae48a8f8d0d6f5c773c, type: 3}
      propertyPath: m_LocalRotation.w
      value: 0.5271695
      objectReference: {fileID: 0}
    - target: {fileID: 400000, guid: b4ca93ec11dd8ae48a8f8d0d6f5c773c, type: 3}
      propertyPath: m_RootOrder
      value: 5
      objectReference: {fileID: 0}
    - target: {fileID: 400000, guid: b4ca93ec11dd8ae48a8f8d0d6f5c773c, type: 3}
      propertyPath: m_LocalScale.x
      value: 188.78682
      objectReference: {fileID: 0}
    - target: {fileID: 400000, guid: b4ca93ec11dd8ae48a8f8d0d6f5c773c, type: 3}
      propertyPath: m_LocalScale.y
      value: 188.78682
      objectReference: {fileID: 0}
    - target: {fileID: 400000, guid: b4ca93ec11dd8ae48a8f8d0d6f5c773c, type: 3}
      propertyPath: m_LocalScale.z
      value: 188.78682
      objectReference: {fileID: 0}
    - target: {fileID: 100000, guid: b4ca93ec11dd8ae48a8f8d0d6f5c773c, type: 3}
      propertyPath: m_Name
      value: marble_01 3
      objectReference: {fileID: 0}
    - target: {fileID: 2300000, guid: b4ca93ec11dd8ae48a8f8d0d6f5c773c, type: 3}
      propertyPath: m_Materials.Array.data[0]
      value: 
      objectReference: {fileID: 2100000, guid: 587709834d7f57846a8bda440aba690d, type: 2}
    - target: {fileID: 400000, guid: b4ca93ec11dd8ae48a8f8d0d6f5c773c, type: 3}
      propertyPath: m_LocalEulerAnglesHint.x
      value: -125.388
      objectReference: {fileID: 0}
    - target: {fileID: 400000, guid: b4ca93ec11dd8ae48a8f8d0d6f5c773c, type: 3}
      propertyPath: m_LocalEulerAnglesHint.y
      value: 40.71399
      objectReference: {fileID: 0}
    - target: {fileID: 400000, guid: b4ca93ec11dd8ae48a8f8d0d6f5c773c, type: 3}
      propertyPath: m_LocalEulerAnglesHint.z
      value: -60.319
      objectReference: {fileID: 0}
    m_RemovedComponents: []
  m_ParentPrefab: {fileID: 100100000, guid: b4ca93ec11dd8ae48a8f8d0d6f5c773c, type: 3}
  m_IsPrefabParent: 0
